% !TEX encoding = UTF-8 Unicode
@book{textbook,
  title={Introduction to Algebraic Curves},
  author={Phillip A. Griffiths},
  isbn={978-0-8218-4537-0},
  series={Translations of Mathematical Monographs},
  url={https://bookstore.ams.org/mmono-76},
  year={1989},
  publisher={American Mathematical Society}
}

@misc{notes,
  title="The genus of a plane curve",
  author={Andries E. Brouwer},
  howpublished= "Notes taken from \url{https://www.win.tue.nl/~aeb/2WF02/genus.pdf}",
  urldate={2021-05-20},
  school={Eindhoven University of Technology}
}

@book{topo,
  title={基础拓扑学讲义},
  author={尤承业},
  isbn={9787301031032},
  year={2004},
  publisher={北京大学出版社}
}
